%% This BibTeX bibliography file was created using BibDesk.
%% http://bibdesk.sourceforge.net/


%% Created for Barbara Lerner at 2018-09-13 12:25:06 -0400 


%% Saved with string encoding Unicode (UTF-8) 
@article{kujala1995visual,
  title={Visual cortex activation in blind humans during sound discrimination},
  author={Kujala, Teija and Huotilainen, Minna and Sinkkonen, Janne and Ahonen, Antti I and Alho, Kimmo and H{\"a}m{\"a}l{\"a}, Matti S and Ilmoniemi, Risto J and Kajola, Matti and Knuutila, Jukka ET and Lavikainen, Juha and others},
  journal={Neuroscience letters},
  volume={183},
  number={1-2},
  pages={143--146},
  year={1995},
  publisher={Elsevier}
}
@article{leclerc2000brain,
  title={Brain functional reorganization in early blind humans revealed by auditory event-related potentials},
  author={Leclerc, Charles and Saint-Amour, Dave and Lavoie, Marc E and Lassonde, Maryse and Lepore, Franco},
  journal={Neuroreport},
  volume={11},
  number={3},
  pages={545--550},
  year={2000},
  publisher={LWW}
}
@article{liotti1998auditory,
  title={Auditory attention in the congenitally blind: where, when and what gets reorganized?},
  author={Liotti, Mario and Ryder, Kathy and Woldorff, Marty G},
  journal={Neuroreport},
  volume={9},
  number={6},
  pages={1007--1012},
  year={1998},
  publisher={LWW}
}
@article{petitto2000speech,
  title={Speech-like cerebral activity in profoundly deaf people processing signed languages: implications for the neural basis of human language},
  author={Petitto, Laura Ann and Zatorre, Robert J and Gauna, Kristine and Nikelski, Erwin James and Dostie, Deanna and Evans, Alan C},
  journal={Proceedings of the National Academy of Sciences},
  volume={97},
  number={25},
  pages={13961--13966},
  year={2000},
  publisher={National Acad Sciences}
}

@article{ptito2008alterations,
  title={Alterations of the visual pathways in congenital blindness},
  author={Ptito, Maurice and Schneider, Fabien CG and Paulson, Olaf B and Kupers, Ron},
  journal={Experimental Brain Research},
  volume={187},
  number={1},
  pages={41--49},
  year={2008},
  publisher={Springer}
}
@inproceedings{brock2013supporting,
  title={Supporting blind navigation using depth sensing and sonification},
  author={Brock, Michael and Kristensson, Per Ola},
  booktitle={Proceedings of the 2013 ACM conference on Pervasive and ubiquitous computing adjunct publication},
  pages={255--258},
  year={2013},
  publisher={ACM},
  address={Zurich}
}

@inproceedings{massof2003auditory,
  title={Auditory assistive devices for the blind},
  author={Massof, Robert W},
  year={2003},
  organization={Georgia Institute of Technology}
}

@article{striem2014visual,
  title={Visual cortex extrastriate body-selective area activation in congenitally blind people “seeing” by using sounds},
  author={Striem-Amit, Ella and Amedi, Amir},
  journal={Current Biology},
  volume={24},
  number={6},
  pages={687--692},
  year={2014},
  publisher={Elsevier}
}
@article{roder2001auditory,
  title={Auditory memory in congenitally blind adults: a behavioral-electrophysiological investigation},
  author={R{\"o}der, Brigitte and R{\"o}sler, Frank and Neville, Helen J},
  journal={Cognitive Brain Research},
  volume={11},
  number={2},
  pages={289--303},
  year={2001},
  publisher={Elsevier}
}

@inproceedings{belardinelli2009sonification,
  title={Sonification of spatial information: audio-tactile exploration strategies by normal and blind subjects},
  author={Belardinelli, Marta Olivetti and Federici, Stefano and Delogu, Franco and Palmiero, Massimiliano},
  booktitle={International Conference on Universal Access in Human-Computer Interaction},
  pages={557--563},
  year={2009},
  Publisher={Springer},
  Address={San Diego}
}

@article{lahav2008haptic,
  title={Haptic-feedback support for cognitive mapping of unknown spaces by people who are blind},
  author={Lahav, Orly and Mioduser, David},
  journal={International Journal of Human-Computer Studies},
  volume={66},
  number={1},
  pages={23--35},
  year={2008},
  publisher={Elsevier}
}
@article{zatorre2001you,
  title={Do you see what I'm saying? Interactions between auditory and visual cortices in cochlear implant users},
  author={Zatorre, Robert J},
  journal={Neuron},
  volume={31},
  number={1},
  pages={13--14},
  year={2001},
  publisher={Elsevier}
}
@article{hall1963system,
  title={A system for the notation of proxemic behavior1},
  author={Hall, Edward T},
  journal={American anthropologist},
  volume={65},
  number={5},
  pages={1003--1026},
  year={1963},
  publisher={Wiley Online Library}
}

@article{bavelier2002cross,
  title={Cross-modal plasticity: where and how?},
  author={Bavelier, Daphne and Neville, Helen J},
  journal={Nature Reviews Neuroscience},
  volume={3},
  number={6},
  pages={443},
  year={2002},
  publisher={Nature Publishing Group}
}

@book{jacobson1993art,
  title={The art and science of teaching orientation and mobility to persons with visual impairments},
  author={Jacobson, William Henry},
  year={1993},
  publisher={American Foundation for the Blind}
}

@book{lynch1960image,
  title={The image of the city},
  author={Lynch, Kevin},
  volume={11},
  year={1960},
  publisher={MIT press}
}

@string{ase05 = {Proceedings of the 20th IEEE/ACM International Conference on Automated Software Engineering (ASE'05)}}

@string{ase06 = {Proceedings of the 21st IEEE/ACM International Conference on Automated Software Engineering (ASE'06)}}

@string{icse21 = {Proceedings of the 21st International Conference on Software Engineering}}

@string{icse24 = {Proceedings of the 24th International Conference on Software Engineering}}

@string{icsm05 = {Proceedings of the International Conference on Software Maintenance}}

@string{jss = {Journal of Systems and Software}}

@string{tosem = {ACM Transactions on Software Engineering and Methodology}}


@inproceedings{Ram:1998ab,
	Author = {S. Ram and J. Sharf},
	Booktitle = {Digest of Papers. Second International Symposium on Wearable Computers (Cat. No.98EX215)},
	Date-Added = {2018-09-13 12:23:38 -0400},
	Date-Modified = {2018-09-13 12:23:53 -0400},
	Doi = {10.1109/ISWC.1998.729548},
	Keywords = {blind navigation;handicapped aids;pyroelectric detectors;visual environmental cues;visually impaired people;People Sensor;Electronic Travel Aid;modulated vibrotactile feedback;Auditory system;Humans;Feedback;Navigation;Psychology;Pyroelectricity;Ultrasonic imaging;Animation;Time of arrival estimation;Sensor phenomena and characterization},
	Month = {Oct},
	Pages = {166-167},
	Title = {The people sensor: a mobility aid for the visually impaired},
	Year = {1998},
	Bdsk-Url-1 = {https://doi.org/10.1109/ISWC.1998.729548}}

@inproceedings{Ivanov:2012ab,
	Acmid = {2383322},
	Address = {New York, NY, USA},
	Author = {Ivanov, Rosen},
	Booktitle = {Proceedings of the 13th International Conference on Computer Systems and Technologies},
	Date-Added = {2018-09-13 12:20:03 -0400},
	Date-Modified = {2018-09-13 12:20:22 -0400},
	Doi = {10.1145/2383276.2383322},
	Isbn = {978-1-4503-1193-9},
	Keywords = {blind navigation, NFC-enabled phones, context-aware applications, indoor navigation, visual impairment},
	Location = {Ruse, Bulgaria},
	Numpages = {8},
	Pages = {313--320},
	Publisher = {ACM},
	Series = {CompSysTech '12},
	Title = {RSNAVI: An RFID-based Context-aware Indoor Navigation System for the Blind},
	Url = {http://doi.acm.org/10.1145/2383276.2383322},
	Year = {2012},
	Bdsk-Url-1 = {http://doi.acm.org/10.1145/2383276.2383322},
	Bdsk-Url-2 = {https://doi.org/10.1145/2383276.2383322}}

@inproceedings{Yelamarthi:2010ab,
	Author = {K. Yelamarthi and D. Haas and D. Nielsen and S. Mothersell},
	Booktitle = {2010 53rd IEEE International Midwest Symposium on Circuits and Systems},
	Date-Added = {2018-09-13 12:19:06 -0400},
	Date-Modified = {2018-09-13 12:19:18 -0400},
	Doi = {10.1109/MWSCAS.2010.5548863},
	Issn = {1558-3899},
	Keywords = {blind navigation;collision avoidance;compasses;Global Positioning System;handicapped aids;intelligent robots;mobile robots;navigation;radiofrequency identification;telecommunication computing;GPS;integrated navigation system;indoor radio;outdoor radio;portable terminal unit;embedded system;RFID reader;analog compass;obstacle avoidance;smart robot;visual impairment;Radiofrequency identification;Global Positioning System;Strontium;Costs;Radio navigation;Feedback;Embedded system;Space technology;Sonar navigation;Unemployment},
	Month = {Aug},
	Pages = {1149-1152},
	Title = {RFID and GPS integrated navigation system for the visually impaired},
	Year = {2010},
	Bdsk-Url-1 = {https://doi.org/10.1109/MWSCAS.2010.5548863}}

@inproceedings{Golding:1999ab,
	Author = {A. R. Golding and N. Lesh},
	Booktitle = {Digest of Papers. Third International Symposium on Wearable Computers},
	Date-Added = {2018-09-13 12:10:55 -0400},
	Date-Modified = {2018-09-13 12:11:09 -0400},
	Doi = {10.1109/ISWC.1999.806640},
	Keywords = {blind navigation;computerised navigation;learning (artificial intelligence);inference mechanisms;accelerometers;magnetometers;temperature sensors;optical sensors;magnetic sensors;force sensors;sensor fusion;user modelling;computerised instrumentation;intelligent sensors;indoor navigation algorithm;wearable sensors;machine learning;context awareness;user state inference;sensor input stream;information integration;accelerometers;magnetometers;temperature sensors;light sensors;user location inference;algorithm performance;error rate;raw sensor signals;data cooking module;high-level features computation;Navigation;Wearable sensors;Magnetic sensors;Temperature sensors;Error analysis;Machine learning;Context awareness;Accelerometers;Magnetometers;Sensor phenomena and characterization},
	Month = {Oct},
	Pages = {29-36},
	Title = {Indoor navigation using a diverse set of cheap, wearable sensors},
	Year = {1999},
	Bdsk-Url-1 = {https://doi.org/10.1109/ISWC.1999.806640}}

@inproceedings{Duarte-K.:2014aa,
	Address = {Lisbon, Portugal},
	Author = {Duarte K., Cec{\'\i}lio J., Furtado P},
	Booktitle = {Wireless Internet. WICON 2014},
	Date-Added = {2018-09-13 12:09:16 -0400},
	Date-Modified = {2018-09-13 12:09:32 -0400},
	Editors = {S. Mumtaz and J. Rodriguez and M. Katz and C. Wang and A. Nascimento},
	Keywords = {blind navigation},
	Month = {November},
	Publisher = {Springer},
	Series = {Lecture Notes of the Institute for Computer Sciences, Social Informatics and Telecommunications Engineering},
	Title = {Easily Guiding of Blind: Providing Information and Navigation - SmartNav},
	Volume = {146},
	Year = {2014}}

@inproceedings{Ran:2004ab,
	Author = {L. Ran and S. Helal and S. Moore},
	Booktitle = {Second IEEE Annual Conference on Pervasive Computing and Communications, 2004. Proceedings of the},
	Date-Added = {2018-09-13 12:04:46 -0400},
	Date-Modified = {2018-09-13 12:05:01 -0400},
	Doi = {10.1109/PERCOM.2004.1276842},
	Keywords = {blind navigation;mobile computing;handicapped aids;navigation;user interfaces;wearable computers;position measurement;Global Positioning System;blind navigation system;visually impaired people;precise position measurement system;wireless connection;wearable computer;vocal communication interface;blind users;DGPS;location system;optimal route;dynamic routing;indoor environment;vocal command;OEM ultrasound positioning system;indoor location measurements;vocal prompts;step-by-step walking guidance;Drishti system;indoor navigation design;outdoor system;Navigation;Position measurement;Switches;Indoor environments;Wearable computers;Global Positioning System;Routing;Ultrasonic imaging;Ultrasonic variables measurement;Legged locomotion},
	Month = {March},
	Pages = {23-30},
	Title = {Drishti: an integrated indoor/outdoor blind navigation system and service},
	Year = {2004},
	Bdsk-Url-1 = {https://doi.org/10.1109/PERCOM.2004.1276842}}

@inproceedings{Makino:1996ab,
	Author = {H. Makino and I. Ishii and M. Nakashizuka},
	Booktitle = {Proceedings of 18th Annual International Conference of the IEEE Engineering in Medicine and Biology Society},
	Date-Added = {2018-09-13 12:03:34 -0400},
	Date-Modified = {2018-09-13 12:03:48 -0400},
	Doi = {10.1109/IEMBS.1996.651838},
	Keywords = {blind navigation;handicapped aids;Global Positioning System;cellular radio;computerised navigation;navigation system;blind persons;GPS and mobile phone combination;single GPS receiver;differential GPS receiver;location determination;guidance system;automatic on-line personal guidance function;lightweight;speech information;2 kg;Navigation;Global Positioning System;Mobile handsets;Base stations;Microcomputers;Speech;Telephony;Medical control systems;Biological control systems;Control systems},
	Month = {Oct},
	Pages = {506-507 vol.2},
	Title = {Development of navigation system for the blind using GPS and mobile phone combination},
	Volume = {2},
	Year = {1996},
	Bdsk-Url-1 = {https://doi.org/10.1109/IEMBS.1996.651838}}

@inproceedings{Bousbia-Salah:2007ab,
	Author = {M. Bousbia-Salah and A. Redjati and M. Fezari and M. Bettayeb},
	Booktitle = {2007 IEEE International Conference on Signal Processing and Communications},
	Doi = {10.1109/ICSPC.2007.4728491},
	Month = {Nov},
	Pages = {1003-1006},
	Title = {An Ultrasonic Navigation System for Blind People},
	Year = {2007},
    Publisher = {IEEE},
    Address = {Honolulu, Hawaii}}

@article{Evennou:2006:AIW:1288263.1288407,
	Acmid = {1288407},
	Address = {London, UK, United Kingdom},
	Author = {Evennou, Fr{\'e}d{\'e}ric and Marx, Fran\c{c}ois},
	Date-Added = {2018-09-13 11:59:21 -0400},
	Date-Modified = {2018-09-13 11:59:36 -0400},
	Doi = {10.1155/ASP/2006/86706},
	Issn = {1110-8657},
	Issue_Date = {01 January},
	Journal = {EURASIP J. Appl. Signal Process.},
	Keywords = {blind navigation},
	Month = jan,
	Numpages = {1},
	Pages = {164--164},
	Publisher = {Hindawi Limited},
	Title = {Advanced Integration of WIFI and Inertial Navigation Systems for Indoor Mobile Positioning},
	Url = {https://doi.org/10.1155/ASP/2006/86706},
	Volume = {2006},
	Year = {2006},
	Bdsk-Url-1 = {https://doi.org/10.1155/ASP/2006/86706}}

@inproceedings{Chumkamon:2008ab,
	Author = {S. Chumkamon and P. Tuvaphanthaphiphat and P. Keeratiwintakorn},
	Booktitle = {2008 5th International Conference on Electrical Engineering/Electronics, Computer, Telecommunications and Information Technology},
    Address={Krabi, Thailand},
    Publisher={IEEE},
	Doi = {10.1109/ECTICON.2008.4600543},
	Month = {May},
	Pages = {765-768},
	Title = {A blind navigation system using RFID for indoor environments},
	Volume = {2},
	Year = {2008}}

@techreport{Willis:2004aa,
	Author = {Scooter  Willis and Sumi Helal},
	Date-Added = {2018-09-13 11:48:20 -0400},
	Date-Modified = {2018-09-13 11:58:34 -0400},
	Institution = {University of Florida},
	Keywords = {blind navigation},
	Number = {TR04-009},
	Title = {A passive RFID information grid for location and proximity sensing for the blind user},
	Year = {2004}}

@incollection{Na:2006aa,
	Author = {Jongwhoa Na},
	Booktitle = {Computers Helping People with Special Needs.  ICCHP 2006},
	Date-Added = {2018-09-13 11:46:46 -0400},
	Date-Modified = {2018-09-13 12:23:06 -0400},
	Editor = {K. Miesenberger and J. Klaus and W.L. Zagler and A.I. Karshmer },
	Keywords = {blind navigation},
	Number = {4061},
	Pages = {1298-1305},
	Publisher = {Springer Berlin / Heidelberg},
	Series = {Lecture Notes in Computer Science},
	Title = {The blind interactive guide system using RFID-based indoor positioning system},
	Year = {2006}}

@inproceedings{Rajamaki:2007aa,
	Address = {Corfu Island, Greece},
	Author = {Jyri Rajam{\"a}ki and Petri Viinikainen and Julius Tuomisto and Thomas Sederholm and Miika S{\"a}{\"a}m{\"a}nen},
	Booktitle = {Proceedings of the 6th WSEAS Int. Conf. on Electronics, Hardware, Wireless and Optical Communications},
	Date-Added = {2018-09-13 11:45:06 -0400},
	Date-Modified = {2018-09-13 12:13:17 -0400},
	Journal = {Proceedings of the 6th WSEAS International Conference on Electronics, Hardware, Wireless and Optical Communications},
	Keywords = {blind navigation},
	Month = {February},
	Title = {LaureaPOP indoor navigation service for the visually impaired in a WLAN environment},
	Year = {2007}}

@inproceedings{Runge:2011aa,
	Address = {Guimaraes, Portugal},
	Author = {Armin Runge and Marcel Baunach and Reiner Kolla},
	Booktitle = {International Conference on Indoor Positioning and Indoor Navigation (IPIN)},
	Date-Added = {2018-09-13 11:42:15 -0400},
	Date-Modified = {2018-09-13 12:18:31 -0400},
	Keywords = {blind navigation},
	Month = {September},
	Title = {Precise self-calibration of ultrasound based indoor localization systems},
	Year = {2011}}

@misc{Newman:2002aa,
	Author = {Newman, George H},
	Date-Added = {2018-09-13 11:39:29 -0400},
	Date-Modified = {2018-09-13 11:39:29 -0400},
	Howpublished = {U.S. Patent No. 6,502,032},
	Keywords = {blind navigation},
	Month = {December},
	Title = {GPS urban navigation system for the blind},
	Year = {2002}}

@article{Loomis:2006aa,
	Author = {Jack M. Loomis and Reginald G. Golledge and Roberta L. Klatzky },
	Date-Added = {2018-09-13 11:32:06 -0400},
	Date-Modified = {2018-09-13 12:16:19 -0400},
	Journal = {Presence: Teleoperators and Virtual Environments},
	Keywords = {blind navigation},
	Number = {2},
	Title = {Navigation system for the blind: Auditory display modes and guidance},
	Volume = {7},
	Year = {2006}}

@inproceedings{Ladetto:2002aa,
	Author = {Q. Ladetto and B.Merminod},
	Booktitle = {6th World Multiconference on Systemic, Cybernetics and Information},
	Date-Added = {2018-09-13 11:30:37 -0400},
	Date-Modified = {2018-09-13 12:01:16 -0400},
	Keywords = {blind navigation},
	Title = {An Alternative Approach to Vision Techniques - Pedestrian Navigation System based on Digital Magnetic Compass and Gyroscope Integration},
	Year = {2002}}


@inproceedings{ahmetovic2016navcog,
	Author = {Ahmetovic, Dragan and Gleason, Cole and Ruan, Chengxiong and Kitani, Kris and Takagi, Hironobu and Asakawa, Chieko},
	Booktitle = {Proceedings of the 18th International Conference on Human-Computer Interaction with Mobile Devices and Services (MobileHCI'16)},
    Publisher = {ACM},
	Title = {NavCog: a navigational cognitive assistant for the blind},
	Year = {2016},
    Address = {Florence, Italy},
    pages = {90--99}}
    
@article{Roder:2001aa,
	Author = {Brigitte R{\"o}der and Frank R{\"o}sler and Helen J. Neville},
	Date-Added = {2018-09-14 12:19:03 -0400},
	Date-Modified = {2018-09-14 12:22:03 -0400},
	Journal = {Cognitive Brain Research},
	Keywords = {blind},
	Month = {April},
	Number = {2},
	Pages = {289-303},
	Title = {Auditory memory in congenitally blind adults: a behavioral-electrophysiological investigation},
	Volume = {11},
	Year = {2001}}

@article{Kujala:1995aa,
	Author = {Teija Kujala and Minna Huotilainen and Janne Sinkkonen and Antti I. Ahonen  and Kimmo Alho and Matti S. H{\"a}m{\"a}l{\"a}:inen and Risto J. Ilmoniemi and Matti Kajola and Jukka E.T. Knuutila and Juha Lavikainen and Oili Salonen and Juha Simola and Carl-Gustaf Standertskj{\"o}ld-Nordenstam and Hannu Tiitinen and Satu O. Tissari and Risto N{\"a}{\"a}t{\"a}nen},
	Date-Added = {2018-09-14 12:26:24 -0400},
	Date-Modified = {2018-09-14 12:31:12 -0400},
	Journal = {Neuroscience Letters},
	Keywords = {blind},
	Month = {January},
	Number = {1-2},
	Pages = {143-146},
	Title = {Visual cortex activation in blind humans during sound discrimination},
	Volume = {183},
	Year = {1995}}

@article{Abel:2004aa,
	Author = {Sharon M. Abel and J.E. Shelly Paik},
	Date-Added = {2018-09-14 12:33:21 -0400},
	Date-Modified = {2018-09-14 12:34:15 -0400},
	Journal = {Applied Acoustics},
	Keywords = {blind},
	Month = {March},
	Number = {3},
	Pages = {229-241},
	Title = {The benefit of practice for sound localization without sight},
	Volume = {65},
	Year = {2004}}

